<?xml version="1.0" encoding="UTF-8"?><collection xmlns="http://www.loc.gov/MARC21/slim"><record><leader>00506nam--2200205-u-4500</leader><controlfield tag="001">000055764</controlfield><controlfield tag="002">20161230</controlfield><controlfield tag="005">20161230201052</controlfield><controlfield tag="008">130411s1000------------r-----000-0-ger-d</controlfield><datafield ind1=" " ind2=" " tag="040"><subfield code="a">IFIN-HH</subfield></datafield><datafield ind1=" " ind2=" " tag="041"><subfield code="a">ger</subfield></datafield><datafield ind1=" " ind2=" " tag="080"><subfield code="a">620.91</subfield></datafield><datafield ind1="1" ind2=" " tag="100"><subfield code="a">Ostwald, Wilhelm</subfield></datafield><datafield ind1="1" ind2="0" tag="245"><subfield code="a">Die energie</subfield><subfield code="c">Wilhelm ostwald</subfield></datafield><datafield ind1=" " ind2=" " tag="250"><subfield code="a">2. Auflage</subfield></datafield><datafield ind1=" " ind2=" " tag="260"><subfield code="a">Leipzig</subfield><subfield code="b">Verlag Von Johann Ambrosius Barth</subfield><subfield code="c">1912</subfield></datafield><datafield ind1=" " ind2=" " tag="300"><subfield code="a">167P</subfield></datafield><datafield ind1=" " ind2=" " tag="490"><subfield code="a">Wissen Und Konnen</subfield></datafield><datafield ind1=" " ind2=" " tag="852"><subfield code="a">44555</subfield><subfield code="c">H.H</subfield></datafield><datafield ind1=" " ind2=" " tag="CAT"><subfield code="a">Sys</subfield><subfield code="c">20130411</subfield><subfield code="h">160010</subfield></datafield></record></collection>